<?xml version="1.0" encoding="UTF-8"?><record xmlns="http://www.loc.gov/MARC21/slim" xmlns:cinclude="http://apache.org/cocoon/include/1.0" xmlns:zs="http://www.loc.gov/zing/srw/">
  <leader>00665nz  a2200157n  4500</leader>
  <controlfield tag="001">no2012077534</controlfield>
  <controlfield tag="003">DLC</controlfield>
  <controlfield tag="005">20120607075020.0</controlfield>
  <controlfield tag="008">120605n| acannaabn          |n aaa     c</controlfield>
  <datafield tag="010" ind1=" " ind2=" ">
    <subfield code="a">no2012077534</subfield>
  </datafield>
  <datafield tag="035" ind1=" " ind2=" ">
    <subfield code="a">(OCoLC)oca09217668</subfield>
  </datafield>
  <datafield tag="040" ind1=" " ind2=" ">
    <subfield code="a">TxCM</subfield>
    <subfield code="b">eng</subfield>
    <subfield code="c">TxCM</subfield>
  </datafield>
  <datafield tag="053" ind1=" " ind2="0">
    <subfield code="a">PS3623.H578775</subfield>
  </datafield>
  <datafield tag="100" ind1="1" ind2=" ">
    <subfield code="a">White, Robin G.</subfield>
  </datafield>
  <datafield tag="375" ind1=" " ind2=" ">
    <subfield code="a">female</subfield>
  </datafield>
  <datafield tag="670" ind1=" " ind2=" ">
    <subfield code="a">Reflections of a life well spent, 2012:</subfield>
    <subfield code="b">t.p. (Robin G. White) p.189 (Chicago Literary Award winner and Georgia Author of the Year Award finalist for her first collection Resurrection: a collection of work; she is a member of Hillside Chapel and Truth Center, Atlanta, Georgia and Unity in the City, Brookline, Mass.)</subfield>
  </datafield>
</record>